@inproceedings{LDB,
  author       = {Li Zhong and Zilong Wang and Jingbo Shang},
  editor       = {Lun{-}Wei Ku and Andre Martins and Vivek Srikumar},
  title        = {Debug like a Human: {A} Large Language Model Debugger via Verifying Runtime Execution Step by Step},
  booktitle    = {Findings of the Association for Computational Linguistics, {ACL} 2024, Bangkok, Thailand and virtual meeting, August 11-16, 2024},
  pages        = {851--870},
  publisher    = {Association for Computational Linguistics},
  year         = {2024},
  url          = {https://doi.org/10.18653/v1/2024.findings-acl.49},
  doi          = {10.18653/V1/2024.FINDINGS-ACL.49},
  timestamp    = {Tue, 24 Sep 2024 10:55:44 +0200},
  biburl       = {https://dblp.org/rec/conf/acl/Zhong0S24.bib},
  bibsource    = {dblp computer science bibliography, https://dblp.org}
}

@inproceedings{TeachSelfDebug,
  author       = {Xinyun Chen and Maxwell Lin and Nathanael Sch{\"{a}}rli and Denny Zhou},
  title        = {Teaching Large Language Models to Self-Debug},
  booktitle    = {The Twelfth International Conference on Learning Representations,
                  {ICLR} 2024, Vienna, Austria, May 7-11, 2024},
  publisher    = {OpenReview.net},
  year         = {2024},
  url          = {https://openreview.net/forum?id=KuPixIqPiq},
  timestamp    = {Wed, 07 Aug 2024 17:11:53 +0200},
  biburl       = {https://dblp.org/rec/conf/iclr/ChenLSZ24.bib},
  bibsource    = {dblp computer science bibliography, https://dblp.org}
}

@inproceedings{LEVER,
  author       = {Ansong Ni and Srini Iyer and Dragomir Radev and Veselin Stoyanov and Wen{-}Tau Yih and Sida I. Wang and Xi Victoria Lin},
  editor       = {Andreas Krause and Emma Brunskill and Kyunghyun Cho and Barbara Engelhardt and Sivan Sabato and Jonathan Scarlett},
  title        = {{LEVER:} Learning to Verify Language-to-Code Generation with Execution},
  booktitle    = {International Conference on Machine Learning, {ICML} 2023, 23-29 July
                  2023, Honolulu, Hawaii, {USA}},
  series       = {Proceedings of Machine Learning Research},
  volume       = {202},
  pages        = {26106--26128},
  publisher    = {{PMLR}},
  year         = {2023},
  url          = {https://proceedings.mlr.press/v202/ni23b.html},
  timestamp    = {Mon, 28 Aug 2023 17:23:08 +0200},
  biburl       = {https://dblp.org/rec/conf/icml/Ni0RSYWL23.bib},
  bibsource    = {dblp computer science bibliography, https://dblp.org}
}
@misc{QualityFlow,
      title={QualityFlow: An Agentic Workflow for Program Synthesis Controlled by LLM Quality Checks}, 
      author={Yaojie Hu and Qiang Zhou and Qihong Chen and Xiaopeng Li and Linbo Liu and Dejiao Zhang and Amit Kachroo and Talha Oz and Omer Tripp},
      year={2025},
      eprint={2501.17167},
      archivePrefix={arXiv},
      primaryClass={cs.SE},
      url={https://arxiv.org/abs/2501.17167}, 
}

@misc{MapCoder,
      title={MapCoder: Multi-Agent Code Generation for Competitive Problem Solving}, 
      author={Md. Ashraful Islam and Mohammed Eunus Ali and Md Rizwan Parvez},
      year={2024},
      eprint={2405.11403},
      archivePrefix={arXiv},
      primaryClass={cs.CL},
      url={https://arxiv.org/abs/2405.11403}, 
}

@misc{AgentCoder,
      title={AgentCoder: Multi-Agent-based Code Generation with Iterative Testing and Optimisation}, 
      author={Dong Huang and Jie M. Zhang and Michael Luck and Qingwen Bu and Yuhao Qing and Heming Cui},
      year={2024},
      eprint={2312.13010},
      archivePrefix={arXiv},
      primaryClass={cs.CL},
      url={https://arxiv.org/abs/2312.13010}, 
}

@misc{CODESIM,
      title={CODESIM: Multi-Agent Code Generation and Problem Solving through Simulation-Driven Planning and Debugging}, 
      author={Md. Ashraful Islam and Mohammed Eunus Ali and Md Rizwan Parvez},
      year={2025},
      eprint={2502.05664},
      archivePrefix={arXiv},
      primaryClass={cs.CL},
      url={https://arxiv.org/abs/2502.05664}, 
}

@misc{NVIDIABestFirst,
      title={Effective Large Language Model Debugging with Best-first Tree Search}, 
      author={Jialin Song and Jonathan Raiman and Bryan Catanzaro},
      year={2024},
      eprint={2407.19055},
      archivePrefix={arXiv},
      primaryClass={cs.SE},
      url={https://arxiv.org/abs/2407.19055}, 
}

@misc{LanguageAgentTreeSearch,
      title={Language Agent Tree Search Unifies Reasoning Acting and Planning in Language Models}, 
      author={Andy Zhou and Kai Yan and Michal Shlapentokh-Rothman and Haohan Wang and Yu-Xiong Wang},
      year={2024},
      eprint={2310.04406},
      archivePrefix={arXiv},
      primaryClass={cs.AI},
      url={https://arxiv.org/abs/2310.04406}, 
}

@misc{PaperWithCode,
      title={PaperWithCode: Code Generation Leaderboard},
      author={papers with code}, 
      url={https://paperswithcode.com/task/code-generation}, 
}

@inproceedings{MetaGPT,
  author       = {Sirui Hong and
                  Mingchen Zhuge and
                  Jonathan Chen and
                  Xiawu Zheng and
                  Yuheng Cheng and
                  Jinlin Wang and
                  Ceyao Zhang and
                  Zili Wang and
                  Steven Ka Shing Yau and
                  Zijuan Lin and
                  Liyang Zhou and
                  Chenyu Ran and
                  Lingfeng Xiao and
                  Chenglin Wu and
                  J{\"{u}}rgen Schmidhuber},
  title        = {MetaGPT: Meta Programming for {A} Multi-Agent Collaborative Framework},
  booktitle    = {The Twelfth International Conference on Learning Representations,
                  {ICLR} 2024, Vienna, Austria, May 7-11, 2024},
  publisher    = {OpenReview.net},
  year         = {2024},
  url          = {https://openreview.net/forum?id=VtmBAGCN7o},
  timestamp    = {Mon, 29 Jul 2024 17:17:48 +0200},
  biburl       = {https://dblp.org/rec/conf/iclr/HongZCZCWZWYLZR24.bib},
  bibsource    = {dblp computer science bibliography, https://dblp.org}
}


@inproceedings{evalplus,
  title = {Is Your Code Generated by Chat{GPT} Really Correct? Rigorous Evaluation of Large Language Models for Code Generation},
  author = {Liu, Jiawei and Xia, Chunqiu Steven and Wang, Yuyao and Zhang, Lingming},
  booktitle = {Thirty-seventh Conference on Neural Information Processing Systems},
  year = {2023},
  url = {https://openreview.net/forum?id=1qvx610Cu7},
}